@Manual{R-base,
  title = {R: A Language and Environment for Statistical Computing},
  author = {{R Core Team}},
  organization = {R Foundation for Statistical Computing},
  address = {Vienna, Austria},
  year = {2019},
  url = {https://www.R-project.org},
}

@misc{arquivo762:online,
author = {Artur José Lemonte},
title = {Inferência sobre os parâmetros da distribuição Birnbaum-Saunders bi-paramétrica},
howpublished = {\url{https://repositorio.ufpe.br/bitstream/123456789/6339/1/arquivo7199_1.pdf}},
note = {(Acessado em 11/09/2023)},
year = {2006}
}

@Book{Bookdown,
title = {bookdown: Authoring Books and Technical Documents with {R} Markdown},
author = {Yihui Xie},
publisher = {Chapman and Hall/CRC},
address = {Boca Raton, Florida},
year = {2016},
isbn = {978-1138700109},
url = {https://bookdown.org/yihui/bookdown},
}

@misc{fitdistr29:online,
author = {Marie-Laure Delignette-Muller and Christophe Dutang and Aurelie Siberchicot},
title = {fitdistrplus: Help to Fit of a Parametric Distribution to Non-Censored or Censored Data},
howpublished = {\url{https://cran.r-project.org/web/packages/fitdistrplus/fitdistrplus.pdf}},
note = {(Acessado em 14/09/2023)},
year = {2023},
}

@misc{goftestC84:online,
author = {Julian Faraway and George Marsaglia and John Marsaglia and Adrian Baddeley},
title = {goftest: Classical Goodness-of-Fit Tests for Univariate Distributions},
howpublished = {\url{https://cran.r-project.org/web/packages/goftest/goftest.pdf}},
note = {(Acessado em 16/09/2023)},
year = {2022},
}

@book{morettin2017estatistica,
  title={Estat{\'\i}stica b{\'a}sica},
  author={Morettin, Pedro A and Bussab, Wilton O},
  year={2017},
  publisher={Saraiva Educa{\c{c}}{\~a}o SA}
}

@article{moore2005estatistica,
  title={A estat{\i}stica b{\'a}sica e sua pr{\'a}tica},
  author={Moore, David S},
  journal={LTC 6rd ed., Rio de Janeiro, Brazil},
  year={2005}
}

@book{larson2004estatistica,
  title={Estat{\'\i}stica aplicada},
  author={Larson, Ron and Farber, Betsy and Cyro; traduc{\~a}o t{\'e}cnica Patarra},
  year={2004},
  publisher={Prentice Hall}
}